% Encoding: UTF-8

@InProceedings{Dey2016,
  author    = {Arindam Dey and Mark Billinghurst and Robert W. Lindeman and J. Edward Swan II},
  title     = {A Systematic Review of Usability Studies in Augmented Reality between 2005 and 2014},
  booktitle = {2016 {IEEE} International Symposium on Mixed and Augmented Reality ({ISMAR}-Adjunct)},
  year      = {2016},
  month     = {sep},
  publisher = {{IEEE}},
  doi       = {10.1109/ismar-adjunct.2016.0036},
}

@InProceedings{Nilsson2007,
  author    = {Susanna Nilsson and Bj√∂rn Johansson},
  title     = {Fun and usable},
  booktitle = {Proceedings of the 2007 conference of the computer-human interaction special interest group ({CHISIG}) of Australia on Computer-human interaction: design: activities, artifacts and environments - {OZCHI} {\textquotesingle}07},
  year      = {2007},
  publisher = {{ACM} Press},
  doi       = {10.1145/1324892.1324915},
}

@Article{Poupyrev2002,
  author    = {I. Poupyrev and D.S. Tan and M. Billinghurst and H. Kato and H. Regenbrecht and N. Tetsutani},
  title     = {Developing a generic augmented-reality interface},
  journal   = {Computer},
  year      = {2002},
  volume    = {35},
  number    = {3},
  pages     = {44--50},
  month     = {mar},
  doi       = {10.1109/2.989929},
  publisher = {Institute of Electrical and Electronics Engineers ({IEEE})},
}

@Comment{jabref-meta: databaseType:bibtex;}
